@BOOK{book:roboticNotes,
author={Henrik Gordon},
title="Robotics Notes",
year="2015",
publisher="BlackBoard",
}

@BOOK{zip:luaScript,
author={Nikolaj Iversen and Lukas Schwartz},
title="lua.txt",
year="2015",
publisher="In the zip file",
}
